% -----------------------------------------------------------------------
% File: smc2016template.bib
% -----------------------------------------------------------------------
% separate each line item with space, otherwise the reference will not be hyperlinked
% put the keyword "and" between authors to separate them.

@inproceedings{Someone:00 ,
  author = {A. Someone and B. Someone and C. Someone},
  title = {The title of the conf. paper},
  booktitle = {Proc. Int. Conf. Sound and Music Computing},
  pages={213--218},
  address={Porto},
  year = {2009}
}


@article{smith1992physical,
  title={Physical modeling using digital waveguides},
  author={Smith, Julius O},
  journal={Computer music journal},
  volume={16},
  number={4},
  pages={74--91},
  year={1992},
  publisher={JSTOR}
}

@book{franinovic2013sonic,
  title={Sonic interaction design},
  author={Franinovi{\'c}, Karmen and Serafin, Stefania},
  year={2013},
  publisher={Mit Press}
}

@article{morrison1993mosaic,
  title={Mosaic: A framework for modal synthesis},
  author={Morrison, Joseph Derek and Adrien, Jean-Marie},
  journal={Computer Music Journal},
  volume={17},
  number={1},
  pages={45--56},
  year={1993},
  publisher={JSTOR}
}

@article{hiller1971synthesizing,
  title={Synthesizing musical sounds by solving the wave equation for vibrating objects: Part 1},
  author={Hiller, Lejaren and Ruiz, Pierre},
  journal={Journal of the Audio Engineering Society},
  volume={19},
  number={6},
  pages={462--470},
  year={1971},
  publisher={Audio Engineering Society}
}

@article{cadoz1993cordis,
  title={CORDIS-ANIMA: a Modeling and simulation system for sound and image synthesis: the general formalism},
  author={Cadoz, Claude and Luciani, Annie and Florens, Jean Loup},
  journal={Computer music journal},
  volume={17},
  number={1},
  pages={19--29},
  year={1993},
  publisher={JSTOR}
}


@inproceedings{Someone:09 ,
  author = {A. Someone and B. Someone and C. Someone},
  title = {The title of the journal paper},
  booktitle = {J. New Music Research},
  pages = {111--222},
  year = {2008}
}

@book{Someone:04 ,
  author = {X. Someone and Y. Someone},
  title = {The Title of the Book},
  publisher = { Springer-Verlag },
  year = {2010}
}


@online{sensel2018,
  author = {{Sensel Inc.}},
  title = {Sensel Morph},
  year = {2018},
  url = {https://sensel.com/}
}

@online{JUCE2019,
  author = {{JUCE ROLI}},
  title = {JUCE},
  year = {2019},
  url = {https://juce.com/}
}


% Bilbao papers
@BOOK{Bilbao2009:NumericalSoundSynthesis,
    author = {Bilbao, Stefan},
    publisher = {John Wiley and Sons, Ltd},
    title = {Numerical Sound Synthesis, Finite Difference Schemes and Simulation in Musical Acoustics},
    year = {2009}
}

@article{Bilbao2009:ModularPercussion,
author = {Bilbao, Stefan},
isbn = {1742-7150},
journal = {Proc. of the 12th Int.  Conf. on Digital Audio Effects (DAFx-09)},
title = {{A modular percussion synthesis environment}},
year = {2009}
}

@article{Bilbao2018:Tutorial,
author = {Bilbao, Stefan and Hamilton, Brian and Harrison, R. and Torin, A},
isbn = {1742-7150},
journal = {Springer handbook of systematic musicology},
title = {Finite-difference schemes in musical acoustics: A tutorial.},
year = {2018}
}

@article{Webb2015,
author = {Webb, Craig and Bilbao, Stefan},
journal = {Proc. of the 18th Int. Conference on Digital Audio Effects (DAFx-15)},
title = {{On the limits of real-time physical modelling synthesis with a modular environment}},
year = {2015}
}


@article
{

}

\bibitem[Bilbao(2018)]{Bil2018}
S. Bilbao, B. Hamilton, R. Harrison, A. Torin.
\newblock Finite-difference schemes in musical acoustics: A tutorial.
\newblock In R. Bader, editor,
\newblock \emph{Springer handbook of systematic musicology}, pages 349--384. Springer-Verlag GmbH, 2018.